@ARTICLE{nemomap,
  AUTHOR = {Huynh, Tien and Mbadiwe, Soma and Kim, Wooyoung},
  DATE = {2018-09},
  DOI = {10.25046/aj030523},
  JOURNALTITLE = {Advances in Science, Technology and Engineering Systems Journal},
  PAGES = {186--199},
  TITLE = {NemoMap: Improved Motif-centric Network Motif Discovery Algorithm},
  VOLUME = {3},
}

