% Diversity and criticality
@book
{diverscomplex,
author = {Page, Scott E.},
title = {Diversity and Complexity},
year = {2010},
isbn = {0691137676},
publisher = {Princeton University Press},
address = {USA},
edition = {1st}
}


% Criticality 
@BOOK
{NAP628,
  author    = {National Research Council},
  title     = {Condensed-Matter Physics},
  isbn      = {978-0-309-03577-4},
  doi       = {10.17226/628},
  url       = {https://www.nap.edu/catalog/628/condensed-matter-physics},
  year      = {1986},
  publisher = {The National Academies Press},
  address   = {Washington, DC}
}

% Self organization
@incollection
{willshawSO,
title = {CHAPTER 1 - Self-organization in the Nervous System},
editor = {Richard Morris and Lionel Tarassenko and Michael Kenward},
booktitle = {Cognitive Systems - Information Processing Meets Brain Science},
publisher = {Academic Press},
address = {London},
pages = {5-33},
year = {2006},
isbn = {978-0-12-088566-4},
doi = {https://doi.org/10.1016/B978-012088566-4/50004-0},
url = {https://www.sciencedirect.com/science/article/pii/B9780120885664500040},
author = {David Willshaw}
}

% SOC
@article
{BTW,
  title = {Self-organized criticality: An explanation of the 1/f noise},
  author = {Bak, Per and Tang, Chao and Wiesenfeld, Kurt},
  journal = {Phys. Rev. Lett.},
  volume = {59},
  issue = {4},
  pages = {381--384},
  numpages = {0},
  year = {1987},
  month = {Jul},
  publisher = {American Physical Society},
  doi = {10.1103/PhysRevLett.59.381},
  url = {https://link.aps.org/doi/10.1103/PhysRevLett.59.381}
}

@article
{simplestSOC,
  title = {Simplest Possible Self-Organized Critical System},
  author = {Flyvbjerg, Henrik},
  journal = {Phys. Rev. Lett.},
  volume = {76},
  issue = {6},
  pages = {940--943},
  numpages = {0},
  year = {1996},
  month = {Feb},
  publisher = {American Physical Society},
  doi = {10.1103/PhysRevLett.76.940},
  url = {https://link.aps.org/doi/10.1103/PhysRevLett.76.940}
}

@article{
Watkins2015,
   title={25 Years of Self-organized Criticality: Concepts and Controversies},
   volume={198},
   ISSN={1572-9672},
   url={http://dx.doi.org/10.1007/s11214-015-0155-x},
   DOI={10.1007/s11214-015-0155-x},
   number={1-4},
   journal={Space Science Reviews},
   publisher={Springer Science and Business Media LLC},
   author={Watkins, Nicholas W. and Pruessner, Gunnar and Chapman, Sandra C. and Crosby, Norma B. and Jensen, Henrik J.},
   year={2015},
   month={May},
   pages={3–44}
}


% Complex Networks
@article
{latora,
title = {Complex networks: Structure and dynamics},
journal = {Physics Reports},
volume = {424},
number = {4},
pages = {175-308},
year = {2006},
issn = {0370-1573},
doi = {https://doi.org/10.1016/j.physrep.2005.10.009},
url = {https://www.sciencedirect.com/science/article/pii/S037015730500462X},
author = {S. Boccaletti and V. Latora and Y. Moreno and M. Chavez and D.-U. Hwang},
}

@book
{linked,
author = {Barabasi, Albert-Laszlo},
title = {Linked: How Everything Is Connected to Everything Else and What It Means},
year = {2003},
isbn = {0452284392},
publisher = {Plume}
}

@article{
eulerBridges,
  added-at = {2011-06-09T15:30:35.000+0200},
  author = {Euler, Leonhard},
  biburl = {https://www.bibsonomy.org/bibtex/26e6f928065446a7792ce8f903a5d8f15/rincedd},
  interhash = {177e6d5bc8d1426041f162b482fe9d2d},
  intrahash = {6e6f928065446a7792ce8f903a5d8f15},
  journal = {Commentarii Academiae Scientiarum Imperialis Petropolitanae},
  keywords = {euler-tour graph-theory graphs networks},
  pages = {128--140},
  timestamp = {2011-06-09T15:30:35.000+0200},
  title = {Solutio problematis ad geometriam situs pertinentis},
  volume = 8,
  year = 1736
}


% Models 
% Slider-block Model picture
@inbook
{sliderblock,
author = {Shcherbakov, Robert and Turcotte, Donald and Rundle, John},
year = {2015},
month = {04},
pages = {627-653},
title = {Complexity and Earthquakes},
isbn = {9780444538031},
journal = {Treatise on Geophysics},
doi = {10.1016/B978-0-444-53802-4.00094-4}
}

% Bureaucrats
@book
{natureworks,
author = {Bak, Per},
title = {How Nature Works},
year = {1996},
isbn = {978-1-4757-5426-1},
publisher = {Copernicus},
edition = {1st}
}

% OFC
@article
{OFC,
  title={Self-organized criticality in a continuous, nonconservative cellular automaton modeling earthquakes.},
  author={Olami and Feder and Christensen},
  journal={Physical review letters},
  year={1992},
  volume={68 8},
  pages={
          1244-1247
        }
}

% The original slider block
@article
{burridge,
    author = {Burridge, R. and Knopoff, L.},
    title = "{Model and theoretical seismicity}",
    journal = {Bulletin of the Seismological Society of America},
    volume = {57},
    number = {3},
    pages = {341-371},
    year = {1967},
    month = {06},
    issn = {0037-1106},
    eprint = {https://pubs.geoscienceworld.org/ssa/bssa/article-pdf/57/3/341/2694345/BSSA0570030341.pdf},
}

% Seismic databases 
@misc
{INFP, 
url={http://www.infp.ro/},
journal={INFP},
title = {The database of earthquakes in Romania is freely available at }
} 

@misc
{SCEC, 
url={https://www.scec.org/},
journal={SCEC},
title = {The database of earthquakes in California(USA) is freely available at }
} 

@misc
{INGV, 
url={https://www.ingv.it/},
journal={INGV},
title = {The database of earthquakes in Italy is freely available at }
} 

@misc
{JMA, 
url={https://www.jma.go.jp/jma/index.html},
journal={JMA},
title = {The database of earthquakes in Japan is freely available at }
} 


% Seismic network
@article{
Abe_2004,
	doi = {10.1209/epl/i2003-10108-1},
	url = {https://doi.org/10.1209/epl/i2003-10108-1},
	year = 2004,
	month = {feb},
	publisher = {{IOP} Publishing},
	volume = {65},
	number = {4},
	pages = {581--586},
	author = {S Abe and N Suzuki},
	title = {Scale-free network of earthquakes},
	journal = {Europhysics Letters ({EPL})},
}

% Motifs definition
@article
{motifs,
author = {Milo, Ron and Shen-Orr, Shai and Itzkovitz, Shalev and Kashtan, Nadav and Chklovskii, Dmitri and Alon, Uri},
year = {2002},
month = {11},
pages = {824-7},
title = {Network Motifs: Simple Building Blocks of Complex Networks},
volume = {298},
journal = {Science (New York, N.Y.)},
doi = {10.1126/science.298.5594.824}
}

% Nemomap - motifs
@article
{nemomap,
author = {Huynh, Tien and Mbadiwe, Soma and Kim, Wooyoung},
year = {2018},
month = {09},
pages = {186-199},
title = {NemoMap: Improved Motif-centric Network Motif Discovery Algorithm},
volume = {3},
journal = {Advances in Science, Technology and Engineering Systems Journal},
doi = {10.25046/aj030523}
}

% Nemosuite - motifs
@article
{nemosuite,
author = {Kim, Wooyoung and Hsu, Yi-Hsin and Li, Zican and Mar, Preston and Wang, Yangxiao},
year = {2020},
month = {12},
pages = {1545-1553},
title = {NemoSuite: Web-based Network Motif Analytic Suite},
volume = {5},
journal = {Advances in Science, Technology and Engineering Systems Journal},
doi = {10.25046/aj0506185}
}

% ESU - sebastian
@article
{ESUmotifs,
author = {Wernicke, Sebastian},
year = {2006},
month = {10},
pages = {347-59},
title = {Efficient Detection of Network Motifs},
volume = {3},
journal = {IEEE/ACM transactions on computational biology and bioinformatics / IEEE, ACM},
doi = {10.1109/TCBB.2006.51}
}

% GK -motifs
@inproceedings
{GK,
  title={Network Motif Discovery Using Subgraph Enumeration and Symmetry-Breaking},
  author={Joshua A. Grochow and Manolis Kellis},
  booktitle={RECOMB},
  year={2007}
}

% MODA 
@article
{MODA,
title = "MODA: An efficient algorithm for network motif discovery in biological networks",
author = "Saeed Omidi and Falk Schreiber and Ali Masoudi-Nejad",
year = "2009",
doi = "10.1266/ggs.84.385",
language = "English",
volume = "84",
pages = "385 -- 395",
journal = "Genes and Genetic Systems",
issn = "1341-7568",
number = "5",
}

% Tetrahedron Heron formula
@article
{tetrahedron,
author ={W., Kahan},
pages = { 16–17},
title = {What has the Volume of a Tetrahedron to do with Computer Programming Languages?},
volume = {1}
}

% Paraview - tutorial
@book
{paraview,
author = {Moreland, Kenneth},
year = {2018},
title = {The ParaView Tutorial, Version 5.6}
}


% autocorrelations

% morans I
@article
{moran,
    author = {MORAN, P. A. P.},
    title = "{NOTES ON CONTINUOUS STOCHASTIC PHENOMENA}",
    journal = {Biometrika},
    volume = {37},
    number = {1-2},
    pages = {17-23},
    year = {1950},
    month = {06},
    issn = {0006-3444},
    doi = {10.1093/biomet/37.1-2.17},
    url = {https://doi.org/10.1093/biomet/37.1-2.17},
    eprint = {https://academic.oup.com/biomet/article-pdf/37/1-2/17/487420/37-1-2-17.pdf},
}